@BOOK{OMS:Malaria2019,
title = {World malaria report 2019},
author = {{OMS}},
publisher = {Organização Mundial de Saúde},
address = {França},
edition = {1},
pages = {232},
note = {Disponível em \url{https://www.who.int/publications/i/item/9789241565721}. Acesso em \today},
year = {2019}
}

@BOOK{Boletim:2013,
title = {Boletim Epidemiológico 2013},
author = {{BRASIL}},
publisher = {Ministério da Saúde do Brasil},
address = {Brasil},
edition = {1},
pages = {16},
note = {Disponível em \url{https://bvsms.saude.gov.br/bvs/periodicos/boletim_epidemiologico_numero_1_2013.pdf}. Acesso em \today},
year = {2013}
}

@MISC{Brasil:DecretoMalaria,
title = {Decreto 78.231, de 12 de agosto de 1976},
author = {{BRASIL}},
publisher = {Ministério da Saúde do Brasil},
address = {Brasil},
note = {Disponível em \url{http://www.planalto.gov.br/ccivil_03/decreto/1970-1979/d78231.htm}. Acesso em \today},
year = {1976}
}

@MISC{Brasil:SINAN,
title = {Malária},
author = {{BRASIL}},
publisher = {{S}istema de {I}nformação de {A}gravos de {N}otificação ({SINAN})},
address = {Brasil},
note = {Disponível em \url{http://portalsinan.saude.gov.br/malaria}. Acesso em \today},
year = {2019}
}



@BOOK{Boletim:Malaria2020,
title = {Boletim Epidemiológico 2020 - Malária},
author = {{BRASIL}},
publisher = {Ministério da Saúde do Brasil},
address = {Brasil},
edition = {Especial},
pages = {116},
note = {Disponível em \url{https://www.gov.br/saude/pt-br/centrais-de-conteudo/publicacoes/boletins/boletins-epidemiologicos/especiais/2020/boletim_especial_malaria_1dez20_final.pdf}. Acesso em \today},
year = {2020}
}

@BOOK{Boletim:Malaria2022,
title = {Boletim Epidemiológico 2021},
author = {{BRASIL}},
publisher = {Ministério da Saúde do Brasil},
address = {Brasil},
edition = {17},
pages = {29},
note = {Disponível em \url{https://www.gov.br/saude/pt-br/centrais-de-conteudo/publicacoes/boletins/boletins-epidemiologicos/edicoes/2022/boletim-epidemiologico-vol-53-no17.pdf}. Acesso em \today},
year = {2021}
}

@BOOK{Buduma:2018,
title = {Deep Learning with Python},
author = {Nikhil Buduma, Nicholas Lacascio},
publisher = {O'Reilly Media},
adress = {Estados Unidos},
edition = {1},
year = {2017}
}

@book{Goodfellow:Livro,
  title={Deep Learning},
  author={Ian Goodfellow and Yoshua Bengio and Aaron Courville},
  volume={1},
  year={2016},
  publisher={The {MIT} Press},
  address = {Cambridge}
}

@BOOK{Chollet:2017,
title = {Fundamentals of Deep Learning},
author = {François Chollet},
publisher = {Manning Shelter Island},
adress = {Estados Unidos},
edition = {1},
year = {2018}
}

@BOOK{Khan:2018,
title = {A Guide to Convolutional Neural Network for Computer Vision},
author = {Salman Khan and Hossein Rahmani and Syed Afaq Ali Shah and Mohammed Bennamoun},
publisher = {Morgan and Claypool},
edition = {1},
year = {2018}
}

@BOOK{Michelucci:2019,
title = {Advanced Applied Deep Learning. Convolutional Neural Network and Object Detection},
author = {Umberto Michelucci},
publisher = {APress},
adress = {Estados Unidos},
edition = {1},
adress = {Berlin, Germany},
year = {2019}
}

@BOOK{Jiang:2019,
  title     = "Deep learning in object detection and recognition",
  editor    = "Jiang, Xiaoyue and Hadid, Abdenour and Pang, Yanwei and Granger,
               Eric and Feng, Xiaoyi",
  publisher = "Springer",
  edition   =  1,
  month     =  nov,
  year      =  2019,
  address   = "Singapore, Singapore",
  language  = "en"
}

@misc{Yolo:2015,
  doi = {10.48550/ARXIV.1506.02640},
  url = {https://arxiv.org/abs/1506.02640},
  author = {Redmon, Joseph and Divvala, Santosh and Girshick, Ross and Farhadi, Ali},
  keywords = {Computer Vision and Pattern Recognition (cs.CV), FOS: Computer and information sciences, FOS: Computer and information sciences},
  title = {You Only Look Once: Unified, Real-Time Object Detection},
  publisher = {arXiv},
  year = {2015},
  copyright = {arXiv.org perpetual, non-exclusive license},
  note = {Disponível em \url{https://arxiv.org/abs/1506.02640}. Acesso em \today},
  year = {2022},
}

@MISC{FIOCRUZ:Site,
author = {{FIOCRUZ}},
title = {Fundação Oswaldo Cruz -- Malária},
note = {Disponível em \url{https://portal.fiocruz.br/taxonomia-geral-7-doencas-relacionadas/malaria}. Acesso em \today},
year = {2022}
}

@article{Loiola:2002,
  title={Controle da mal{\'a}ria no Brasil: 1965 a 2001},
  author={Loiola, Carlos Cat{\~a}o Prates and Silva, CJ Mangabeira da and Tauil, Pedro Luiz},
  journal={Revista Panamericana de Salud P{\'u}blica},
  volume={11},
  number={4},
  pages={235--244},
  year={2002},
  publisher={SciELO Public Health}
}

@article{Mattos:2022,
  title={Machine Learning na Medicina: Revis{\~a}o e Aplicabilidade},
  author={de Mattos Paix{\~a}o, Gabriela Miana and Santos, Bruno Campos and de Araujo, Rodrigo Martins and Ribeiro, Manoel Horta and de Moraes, Jermana Lopes and Ribeiro, Antonio L},
  journal={Arquivos Brasileiros de Cardiologia},
  volume={118},
  number={1},
  pages={95},
  year={2022},
  publisher={Sociedade Brasileira de Cardiologia},
  note={Disponível em \url{https://www.ncbi.nlm.nih.gov/pmc/articles/PMC8959062/}. Acesso em \today.}
}

@article{Dalrymple:2015,
  title={Malaria mapping: understanding the global endemicity of falciparum and vivax malaria},
  author={Dalrymple, Ursula and Mappin, Bonnie and Gething, Peter W},
  journal={BMC medicine},
  volume={13},
  number={1},
  pages={1--8},
  year={2015},
  publisher={BioMed Central}
}

@article{Ewerton:2019,
  title     = {Aplicações do Deep Learning para diagnóstico de doenças e identificação de insetos vetores},
  author    = {Ewerton Pacheco de Souza and Ciro Martins Gomes and Daniel Holanda Barroso and Vinícius Lima de Miranda and Rodrigo Gurgel-Gonçalves},
  journal   = {Saúde em Debate},
  publisher = {Centro Brasileiro de Estudos de Saúde},
  volume    =  {57},
  number    =  {3},
  pages     = {126--159},
  year      =  {2019},
  note = {Disponível em \url{https://www.redalyc.org/journal/4063/406369189012/html/}. Acesso em \today},
}

@article{Felipe:2022,
  title     = "Estudo de Caso de Transferência de Aprendizado com Redes Neurais Convolucionais para Classificação de Malária",
  author    = "Felipe Brasil Guimar{\~a}es and Elloá Barreto Guedes",
  journal   = "Trabalho de Conclusão de Curso",
  publisher = "Universidade do Estado do Amazonas",
  volume    = "1",
  number    = "1",
  pages     = "12",
  year      = "2022",
}

@ARTICLE{Yang:2020,
  title     = "Deep learning for smartphone-based malaria parasite detection in
               thick blood smears",
  author    = "Yang, Feng and Poostchi, Mahdieh and Yu, Hang and Zhou, Zhou and
               Silamut, Kamolrat and Yu, Jian and Maude, Richard J and Jaeger,
               Stefan and Antani, Sameer",
  journal   = "IEEE J. Biomed. Health Inform.",
  publisher = "Institute of Electrical and Electronics Engineers (IEEE)",
  volume    =  24,
  number    =  5,
  pages     = "1427--1438",
  year      =  2020,
  copyright = "https://creativecommons.org/licenses/by/4.0/legalcode",
  note      = {Disponível em \url{https://ieeexplore.ieee.org/document/8846750}. Acesso em \today}
}


@article{Gomes:2011,
	year = 2011,
	publisher = {{GN}1 Genesis Network},
	volume = {23},
	number = {3},
	pages = {358--369},
	author = {Andr{\'{e}}ia Patr{\'{\i}}cia Gomes and Rodrigo Roger Vitorino and Anielle de Pina Costa and Eduardo Gomes de Mendon{\c{c}}a and Maria Goreti de Almeida Oliveira and Rodrigo Siqueira-Batista},
	title = {Mal{\'{a}}ria grave por Plasmodium falciparum},
	journal = {Revista Brasileira de Terapia Intensiva}
}


@ARTICLE{Berzosa:MalariaDiagnostico,
  title     = "Comparison of three diagnostic methods (microscopy, {RDT}, and
               {PCR}) for the detection of malaria parasites in representative
               samples from Equatorial Guinea",
  author    = "Berzosa, Pedro and de Lucio, Aida and Romay-Barja, Mar{\'\i}a
               and Herrador, Zaida and Gonz{\'a}lez, Vicenta and Garc{\'\i}a,
               Luz and Fern{\'a}ndez-Mart{\'\i}nez, Amalia and Santana-Morales,
               Maria and Ncogo, Policarpo and Valladares, Basilio and Riloha,
               Matilde and Benito, Agust{\'\i}n",
  journal   = "Malar. J.",
  publisher = "Springer Science and Business Media LLC",
  volume    =  17,
  number    =  1,
  pages     = "333",
  month     =  sep,
  year      =  2018,
}

@ARTICLE{Paz:Habilidade,
  title     = "DIAGNÓSTICO DE MALÁRIA -- A IMPORTÂNCIA DA HABILIDADE EM MICROSCOPIA",
  author    = "Érika Rayanne Silva Paz and Silvana Barbosa Santiago",
  journal   = "SAÚDE \& CIÊNCIA EM AÇÃO",
  publisher = "{UNIFAN}",
  volume    =  1,
  number    =  1,
  pages     = "12",
  year      =  2015,
}

@ARTICLE{Shen:SurveyMedico,
  title    = "Deep learning in medical image analysis",
  author   = "Shen, Dinggang and Wu, Guorong and Suk, Heung-Il",
  journal  = "Annu. Rev. Biomed. Eng.",
  volume   =  19,
  pages    = "221--248",
  month    =  jun,
  year     =  2017,
}

@article{Lee:SurveyMedico,
  title={Deep learning in medical imaging: general overview},
  author={Lee, June-Goo and Jun, Sanghoon and Cho, Young-Won and Lee, Hyunna and Kim, Guk Bae and Seo, Joon Beom and Kim, Namkug},
  journal={Korean journal of radiology},
  volume={18},
  number={4},
  pages={570--584},
  year={2017},
  publisher={The Korean Society of Radiology}
}

@article{Xing:SurveyMedico,
  title={Deep learning in microscopy image analysis: A survey},
  author={Xing, Fuyong and Xie, Yuanpu and Su, Hai and Liu, Fujun and Yang, Lin},
  journal={IEEE transactions on neural networks and learning systems},
  volume={29},
  number={10},
  pages={4550--4568},
  year={2017},
  publisher={IEEE}
}

@article{Padilla:2020,
  title           = "A survey on performance metrics for object-detection
                     algorithms",
  booktitle       = "2020 International Conference on Systems, Signals and
                     Image Processing ({IWSSIP})",
  author          = "Padilla, Rafael and Netto, Sergio L and da Silva, Eduardo
                     A B",
  publisher       = "IEEE",
  month           =  jul,
  year            =  2020,
  copyright       = "https://ieeexplore.ieee.org/Xplorehelp/downloads/license-information/IEEE.html",
  conference      = "2020 International Conference on Systems, Signals and
                     Image Processing (IWSSIP)",
  location        = "Niter{\'o}i, Brazil"
}

@book{Faceli:Livro,
	title={Inteligência Artificial -- Uma abordagem de aprendizado de máquina},
	author={Katti Faceli and Ana Carolina Lorena and João Gama and André C. P. L. F. de Carvalho},
	year={2015},
	publisher={Editora LTC},
	address = {Rio de Janeiro}
}

@BOOK{Brink:MachineLearningLivro,
author ={H. Brink and J. W. Richards and M. Fetherolf},
title = {Real-World Machine Learning},
year = {2017},
publisher = {Manning Publications},
address= {Estados Unidos}
}

@Book{Russel:IABiblia,
author = {Stuart Russel and Peter Norvig},
title = {Artificial Intelligence -- A Modern Approach},
publisher = {Prentice Hall},
address ={Nova Jersey},
year = {2010},
edition = {3}
}

@Book{Teresa:Livro,
  author = {Antônio de Pádua Braga and André Ponce de Leon F. de Carvalho and Teresa Bernarda Ludermir},
  title = {Redes Neurais Artificias: Teoria e Aplicações},
  publisher = {LTC},
  year = {2012},
  edition = {2},
  address = {Rio de Janeiro, Brasil}
}

@BOOK{Haykin:NeuralNetworksBook,
  AUTHOR =       {Simon Haykin},
  publisher =       {Pearson Prentice-Hall},
  TITLE =        {Neural Networks and Learning Machines},
  YEAR =         {2009},
  edition =      {3},
  address = {Estados Unidos}
}

@article{ILSVRC15,
Author = {Olga Russakovsky and Jia Deng and Hao Su and Jonathan Krause and Sanjeev Satheesh and Sean Ma and Zhiheng Huang and Andrej Karpathy and Aditya Khosla and Michael Bernstein and Alexander C. Berg and Li Fei-Fei},
Title = {{ImageNet Large Scale Visual Recognition Challenge}},
Year = {2015},
journal   = {International Journal of Computer Vision (IJCV)},
doi = {10.1007/s11263-015-0816-y},
volume={115},
number={3},
pages={211-252}
}

@inproceedings{Redmon:YOLOoriginal,
  year = {2016},
  month = jun,
  publisher = {{IEEE}},
  author = {Joseph Redmon and Santosh Divvala and Ross Girshick and Ali Farhadi},
  title = {You Only Look Once: Unified,  Real-Time Object Detection},
  booktitle = {2016 {IEEE} Conference on Computer Vision and Pattern Recognition ({CVPR})},
  address = {Las Vegas, Estados Unidos}
}

@INPROCEEDINGS{ImageNet,
  title           = "{ImageNet}: A large-scale hierarchical image database",
  booktitle       = "2009 {IEEE} Conference on Computer Vision and Pattern
                     Recognition",
  author          = "Deng, Jia and Dong, Wei and Socher, Richard and Li, Li-Jia
                     and Li, Kai and Fei-Fei, Li",
  publisher       = "IEEE",
  month           =  jun,
  year            =  2009,
  conference      = "2009 IEEE Computer Society Conference on Computer Vision
                     and Pattern Recognition Workshops (CVPR Workshops)",
  address        = "Miami, FL"
}

@software{Yolov5,
  author       = {Glenn Jocher and
                  Alex Stoken and
                  Jirka Borovec and
                  NanoCode012 and
                  ChristopherSTAN and
                  Liu Changyu and
                  Laughing and
                  tkianai and
                  Adam Hogan and
                  lorenzomammana and
                  yxNONG and
                  AlexWang1900 and
                  Laurentiu Diaconu and
                  Marc and
                  wanghaoyang0106 and
                  ml5ah and
                  Doug and
                  Francisco Ingham and
                  Frederik and
                  Guilhen and
                  Hatovix and
                  Jake Poznanski and
                  Jiacong Fang and
                  Lijun Yu and
                  changyu98 and
                  Mingyu Wang and
                  Naman Gupta and
                  Osama Akhtar and
                  PetrDvoracek and
                  Prashant Rai},
  title        = {{ultralytics/yolov5: v3.1 - Bug Fixes and
                   Performance Improvements}},
  month        = oct,
  year         = 2020,
  publisher    = {Zenodo},
  note          = {Disponível em \url{https://doi.org/10.5281/zenodo.4154370}. Acesso em \today}
}

@misc{COCO:2014,
  doi = {10.48550/ARXIV.1405.0312},
  url = {https://arxiv.org/abs/1405.0312},
  author = {Lin, Tsung-Yi and Maire, Michael and Belongie, Serge and Bourdev, Lubomir and Girshick, Ross and Hays, James and Perona, Pietro and Ramanan, Deva and Zitnick, C. Lawrence and Dollár, Piotr},
  keywords = {Computer Vision and Pattern Recognition (cs.CV), FOS: Computer and information sciences, FOS: Computer and information sciences},
  title = {Microsoft COCO: Common Objects in Context},
  publisher = {arXiv},
  year = {2014},
  copyright = {arXiv.org perpetual, non-exclusive license},
  note          = {Disponível em \url{https://arxiv.org/abs/1405.0312}. Acesso em \today}
}


@misc{YOLOv6,
  doi = {10.48550/ARXIV.2209.02976},
  url = {https://arxiv.org/abs/2209.02976},
  author = {Li, Chuyi and Li, Lulu and Jiang, Hongliang and Weng, Kaiheng and Geng, Yifei and Li, Liang and Ke, Zaidan and Li, Qingyuan and Cheng, Meng and Nie, Weiqiang and Li, Yiduo and Zhang, Bo and Liang, Yufei and Zhou, Linyuan and Xu, Xiaoming and Chu, Xiangxiang and Wei, Xiaoming and Wei, Xiaolin},
  keywords = {Computer Vision and Pattern Recognition (cs.CV), FOS: Computer and information sciences, FOS: Computer and information sciences},
  title = {YOLOv6: A Single-Stage Object Detection Framework for Industrial Applications},
  publisher = {arXiv},
  year = {2022},
  copyright = {arXiv.org perpetual, non-exclusive license},
  note  = {Disponível em \url{https://arxiv.org/abs/2209.02976}. Acesso em \today}
}

@misc{YOLOv7,
  doi = {10.48550/ARXIV.2207.02696},
  url = {https://arxiv.org/abs/2207.02696},
  author = {Wang, Chien-Yao and Bochkovskiy, Alexey and Liao, Hong-Yuan Mark},
  keywords = {Computer Vision and Pattern Recognition (cs.CV), FOS: Computer and information sciences, FOS: Computer and information sciences},
  title = {YOLOv7: Trainable bag-of-freebies sets new state-of-the-art for real-time object detectors},
  publisher = {arXiv},
  year = {2022},
  copyright = {arXiv.org perpetual, non-exclusive license},
  note  = {Disponível em \url{https://arxiv.org/abs/2207.02696}. Acesso em \today}
}

@ARTICLE{Xiao:2021,
  title     = "{exYOLO}: A small object detector based on {YOLOv3} Object
               Detector",
  author    = "Xiao, Jian",
  journal   = "Procedia Comput. Sci.",
  publisher = "Elsevier BV",
  volume    =  188,
  pages     = "18--25",
  year      =  2021,
  copyright = "http://creativecommons.org/licenses/by-nc-nd/4.0/",
  language  = "en",
  note  = {Disponível em \url{https://www.sciencedirect.com/science/article/pii/S1877050921011339}. Acesso em \today}
}

@misc{Benjumea:2021,
  doi = {10.48550/ARXIV.2112.11798},
  
  url = {https://arxiv.org/abs/2112.11798},
  
  author = {Benjumea, Aduen and Teeti, Izzeddin and Cuzzolin, Fabio and Bradley, Andrew},
  
  keywords = {Computer Vision and Pattern Recognition (cs.CV), FOS: Computer and information sciences, FOS: Computer and information sciences},
  
  title = {YOLO-Z: Improving small object detection in YOLOv5 for autonomous vehicles},
  
  publisher = {arXiv},
  
  year = {2021},
  
  copyright = {Creative Commons Attribution 4.0 International}
}

@misc{yolov7,
  title={{YOLOv7}: {T}rainable {B}ag-of-{F}reebies {S}ets {N}ew {S}tate-of-the-{A}rt for {R}eal-{T}ime {O}bject {D}etectors},
  author={Wang, Chien-Yao and Bochkovskiy, Alexey and Liao, Hong-Yuan Mark},
  howpublished={Disponível em \url{https://arxiv.org/abs/2207.02696}. Acesso em \today},
  year={2022}
}